@book{SWB-1646556879,
        title = {Computational Geometry : Algorithms and Applications},
        series = {SpringerLink},
        editor = {Mark Berg and Otfried Cheong and Marc Kreveld and Mark Overmars},
        address = {Berlin, Heidelberg},
        publisher = {Springer Berlin Heidelberg},
        year = {2008},
        edition = {Third Edition},
        isbn = {9783540779742},
        size = {Online-Ressource (digital)},
        keywords = {Algorithmische Geometrie ; Computer science / Computer software / Computer graphics / Geometry / Computer Science},
        URL = { ; http://swbplus.bsz-bw.de/bsz277942667cov.htm ; http://swbplus.bsz-bw.de/bsz277942667inh.htm ; https://doi.org/10.1007/978-3-540-77974-2 ; ; ; },
}
